@article{Bjornstad2016,
  doi = {10.1073/pnas.1616052113},
  url = {http://dx.doi.org/10.1073/pnas.1616052113},
  year  = {2016},
  month = {nov},
  publisher = {Proceedings of the National Academy of Sciences},
  volume = {113},
  number = {46},
  pages = {12899--12901},
  author = {Ottar N. Bj{\o}rnstad and Cecile Viboud},
  title = {Timing and periodicity of influenza epidemics},
  journal = {Proceedings of the National Academy of Sciences}
}

@article{Chao2010,
  doi = {10.1086/655810},
  url = {http://dx.doi.org/10.1086/655810},
  year  = {2010},
  month = {sep},
  publisher = {Oxford University Press ({OUP})},
  volume = {202},
  number = {6},
  pages = {877--880},
  author = {Dennis~L. Chao and M. Elizabeth Halloran and Ira~M. Longini,  Jr},
  title = {School Opening Dates Predict Pandemic Influenza A(H1N1) Outbreaks in the United States},
  journal = {The Journal of Infectious Diseases}
}

@article{Cobey2016,
    author = {Cobey, Sarah AND Baskerville, Edward B.},
    journal = {PLOS ONE},
    publisher = {Public Library of Science},
    title = {Limits to Causal Inference with State-Space Reconstruction for Infectious Disease},
    year = {2016},
    month = {12},
    volume = {11},
    url = {http://dx.doi.org/10.1371%2Fjournal.pone.0169050},
    pages = {1-22},
    abstract = {},
    number = {12},
    doi = {10.1371/journal.pone.0169050}
}

@article{Deyle2016,
  doi = {10.1073/pnas.1607747113},
  url = {http://dx.doi.org/10.1073/pnas.1607747113},
  year  = {2016},
  month = {oct},
  publisher = {Proceedings of the National Academy of Sciences},
  volume = {113},
  number = {46},
  pages = {13081--13086},
  author = {Ethan R. Deyle and M. Cyrus Maher and Ryan D. Hernandez and Sanjay Basu and George Sugihara},
  title = {Global environmental drivers of influenza},
  journal = {Proceedings of the National Academy of Sciences}
}

@article{Shaman2010a,
  doi = {10.1371/journal.pbio.1000316},
  url = {http://dx.doi.org/10.1371/journal.pbio.1000316},
  year  = {2010},
  month = {feb},
  publisher = {Public Library of Science ({PLoS})},
  volume = {8},
  number = {2},
  pages = {e1000316},
  author = {Jeffrey Shaman and Virginia E. Pitzer and C{\'{e}}cile Viboud and Bryan T. Grenfell and Marc Lipsitch},
  editor = {Neil M. Ferguson},
  title = {Absolute Humidity and the Seasonal Onset of Influenza in the Continental United States},
  journal = {{PLoS} Biology}
}

@article{Shaman2010b,
  doi = {10.1093/aje/kwq347},
  url = {http://dx.doi.org/10.1093/aje/kwq347},
  year  = {2010},
  month = {nov},
  publisher = {Oxford University Press ({OUP})},
  volume = {173},
  number = {2},
  pages = {127--135},
  author = {J. Shaman and E. Goldstein and M. Lipsitch},
  title = {Absolute Humidity and Pandemic Versus Epidemic Influenza},
  journal = {American Journal of Epidemiology}
}

@article{Tamerius2015,
  doi = {10.1371/journal.pcbi.1004337},
  url = {http://dx.doi.org/10.1371/journal.pcbi.1004337},
  year  = {2015},
  month = {aug},
  publisher = {Public Library of Science ({PLoS})},
  volume = {11},
  number = {8},
  pages = {e1004337},
  author = {James Tamerius and C{\'{e}}cile Viboud and Jeffrey Shaman and Gerardo Chowell},
  editor = {Katia Koelle},
  title = {Impact of School Cycles and Environmental Forcing on the Timing of Pandemic Influenza Activity in Mexican States,  May-December 2009},
  journal = {{PLOS} Computational Biology}
}
@article{Sugihara2012,
  doi = {10.1126/science.1227079},
  url = {http://dx.doi.org/10.1126/science.1227079},
  year  = {2012},
  month = {sep},
  publisher = {American Association for the Advancement of Science ({AAAS})},
  volume = {338},
  number = {6106},
  pages = {496--500},
  author = {G. Sugihara and R. May and H. Ye and C.-h. Hsieh and E. Deyle and M. Fogarty and S. Munch},
  title = {Detecting Causality in Complex Ecosystems},
  journal = {Science}
}

@article{Ye2015,
  doi = {10.1038/srep14750},
  url = {http://dx.doi.org/10.1038/srep14750},
  year  = {2015},
  month = {oct},
  publisher = {Springer Nature},
  volume = {5},
  pages = {14750},
  author = {Hao Ye and Ethan R. Deyle and Luis J. Gilarranz and George Sugihara},
  title = {Distinguishing time-delayed causal interactions using convergent cross mapping},
  journal = {Scientific Reports}
}
